<?xml version="1.0" encoding="UTF-8"?><record xmlns="http://www.loc.gov/MARC21/slim" xmlns:cinclude="http://apache.org/cocoon/include/1.0" xmlns:zs="http://www.loc.gov/zing/srw/">
  <leader>00454nz  a2200133n  4500</leader>
  <controlfield tag="001">nb2008009281</controlfield>
  <controlfield tag="003">DLC</controlfield>
  <controlfield tag="005">20080501080118.0</controlfield>
  <controlfield tag="008">080429n| acannaabn          |n ana      </controlfield>
  <datafield tag="010" ind1=" " ind2=" ">
    <subfield code="a">nb2008009281</subfield>
  </datafield>
  <datafield tag="035" ind1=" " ind2=" ">
    <subfield code="a">(Uk)007109632</subfield>
  </datafield>
  <datafield tag="040" ind1=" " ind2=" ">
    <subfield code="a">Uk</subfield>
    <subfield code="b">eng</subfield>
    <subfield code="c">Uk</subfield>
  </datafield>
  <datafield tag="110" ind1="2" ind2=" ">
    <subfield code="a">Institution of Engineering and Technology.</subfield>
    <subfield code="b">Power Trading and Control Network</subfield>
  </datafield>
  <datafield tag="670" ind1=" " ind2=" ">
    <subfield code="a">Smart metering - gizmo or revolutionary technology, 2008:</subfield>
    <subfield code="b">PDF t.p. (IET Power Trading and Control Network)</subfield>
  </datafield>
</record>